%
% JOURNAL ABBREVIATIONS
%
@STRING{AMS 	= "Amer.\ Meteor.\ Soc."}
@STRING{AGU 	= "Amer.\ Geophys.\ Union"}
@STRING{AIP 	= "Amer. Inst. Phys."}
@STRING{ADGEO     = "Adv.\ Geosci."}
@STRING{AFM       = "Agric.\ For.\ Meteor."}
@STRING{AM        = "Ann.\ Meteor."}
@STRING{AN        = "Astrophys.\ Norv."}		% Astrophysica Norvegica
@STRING{AO        = "Atmos.--Ocean"}			% Atmosphere--Ocean, published by Canadian Meteorological Society (CMOS)
@STRING{AR        = "Atmos.\ Res."}			% Atmospheric Research
@STRING{ARFM      = "Annu.\ Rev.\ Fluid Mech."}
@STRING{AUMET     = "Aust.\ Meteor.\ Mag."}
@STRING{BAMS      = "Bull.\ Amer.\ Meteor.\ Soc."}
@STRING{CAP       = "Contrib.\ Atmos.\ Phys."}
@STRING{CC        = "Climate Change"}      % Climate Change 
@STRING{CCH       = "Climatic Change"}			% Climatic Change
@STRING{CDYN      = "Climate Dyn."}
@STRING{CHAOS     = "Chaos"}
@STRING{COL       = "Collier's"}
@STRING{CRS       = "Cont.\ Shelf Res."}
@STRING{DAO       = "Dyn.\ Atmos.\ Oceans"}
@STRING{ECO       = "Ecology"}
@STRING{EI        = "Earth Interact."}
@STRING{GA        = "Geophysica"}			% Geophysica, published by Geophysical Society of Finland 
@STRING{GEOMAG    = "Geophys.\ Mag."}
@STRING{GN        = "Geophys.\ Norv."}			% Geophysica Norvegica
@STRING{GRL       = "Geophys.\ Res.\ Lett."}
@STRING{GEOINT    = "Geofis.\ Int."}			% Geofisica Internacional (Mexican journal -- vols. 3--5 contained proceedings from a hurricane conference
@STRING{GEOPUB    = "Geofys.\ Publ."}
@STRING{GPC       = "Global Planet.\ Change"}
@STRING{HP        = "Health Phys."}
@STRING{IAOP      = "Izv.\ Atmos.\ Ocean.\ Phys.\ (Engl.\ Transl.)"}
@STRING{IJC       = "Int.\ J.\ Climatol."}
@STRING{JAM       = "J.\ Appl.\ Meteor."}		% renamed to name below in 2006
@STRING{JAMC      = "J.\ Appl.\ Meteor.\ Climatol."}  	% Journal of Applied Meteorology and Climatology (this journal used to be called the Journal of Applied Meteorology before 2006)
@STRING{JAS       = "J.\ Atmos.\ Sci."}
@STRING{JAOT      = "J.\ Atmos.\ Oceanic Technol."}
@STRING{JCAM      = "J.\ Climate Appl.\ Meteor."}	% from 1983--87, now JAMC
@STRING{JCLI      = "J.\ Climate"}
@STRING{JCR       = "J.\ Coastal Res."}
@STRING{JFM       = "J.\ Fluid\ Mech."}
@STRING{JEM       = "J.\ Eng.\ Math."}			% Journal of Engineering Mathematics
@STRING{JGR       = "J.\ Geophys.\ Res."}
@STRING{JHM       = "J.\ Hydrometeor."}
@STRING{JMS       = "J.\ Mar.\ Syst."}
@STRING{JM        = "J.\ Meteor."}
@STRING{JMR       = "J.\ Mar.\ Res."}
@STRING{JMSJ      = "J.\ Meteor.\ Soc.\ Japan"}
@STRING{JPO       = "J.\ Phys.\ Oceanogr."}
@STRING{JOCEAN    = "J.\ Oceanogr."}			% Journal of Oceanography
@STRING{JOSJ      = "J.\ Oceanogr.\ Soc.\ Japan"}
@STRING{JSE       = "J.\ Struct.\ Eng."}	% Journal of Structural Engineering at ASCE
@STRING{JTM       = "J.\ Tropical Meteor."}
@STRING{JWEIA     = "J.\ Wind Eng.\ Ind.\ Aerodyn."}
@STRING{MA        = "Meteor.\ Appl."}
@STRING{MAP       = "Meteor.\ Atmos.\ Phys."}
@STRING{METMON    = "Meteor.\ Monogr."}
@STRING{METZEIT   = "Meteor.\ Z."}
@STRING{MWL       = "Mar.\ Wea.\ Log"}
@STRING{MWR       = "Mon.\ Wea.\ Rev."}
@STRING{NAT       = "Nature"}
@STRING{NHR       = "Nat.\ Hazards Rev."}
@STRING{NWD       = "Natl.\ Weather Dig."}
@STRING{OA        = "Oceanol. Aeta"}
@STRING{OCEAN     = "Oceanography"}                	% a quarterly journal of The Oceanography Society
@STRING{PAG       = "Pure Appl.\ Geophys."}
@STRING{PF        = "Phys.\ Fluids"}
@STRING{PHYSD     = "Physica D"}
@STRING{PMG       = "Pap.\ Meteor.\ Geophys."}	% Papers in Meteorology and Geophysics
@STRING{PNAS      = "Proc.\ Natl.\ Acad.\ Sci.\ (USA)"}
@STRING{PRE       = "Phys.\ Rev.\ E"}
@STRING{PRSA      = "Proc.\ Roy.\ Soc."}
@STRING{PT        = "Phys.\ Today"}
@STRING{PTRS      = "Philos.\ Trans.\ Roy.\ Soc.\ London"}
@STRING{QJRMS     = "Quart.\ J.\ Roy.\ Meteor.\ Soc."}
@STRING{RGEO      = "Rev. Geophys."}
@STRING{SCI       = "Science"}
@STRING{SOLA      = "SOLA"}				% Scientific Online Letters on the Atmosphere
@STRING{TAGU      = "Eos, Trans.\ Amer.\ Geophys.\ Union"}
@STRING{TELLUS    = "Tellus"}
@STRING{TCFD      = "Theor.\ Comput.\ Fluid Dyn."}
@STRING{WEA       = "Weather"}
@STRING{WW        = "Weatherwise"}
@STRING{WF        = "Wea.\ Forecasting"}
@STRING{WMOB      = "WMO Bull."}

@article {Hassan2017,
author = {Hassan, Diar and Taylor, Peter A. and Isaac, George A.},
title = {Snowfall {R}ate {E}stimation using {C}-{B}and {P}olarimetric {R}adars},
journal = MA,
volume = {24},
number = {1},
publisher = {John Wiley & Sons, Ltd},
issn = {1469-8080},
URL = {http://doi.org/10.1002/met.1613},
pages = {142--156},
keywords = {polarimetric radars, snowfall estimation, snow water equivalent estimation, radar quantitative precipitation estimation},
year = {2017}
}
@article{Marshall1948,
author = { J. S.  Marshall  and  W. Mc K.  Palmer },
title = {{THE DISTRIBUTION OF RAINDROPS WITH SIZE}},
journal = JM,
volume = {5},
number = {4},
pages = {165-166},
year = {1948},
URL = {http://doi.org/10.1175/1520-0469(1948)005<0165:TDORWS>2.0.CO;2}
}
@article{Gunn1958,
author = { K. L. S.  Gunn  and  J. S.  Marshall },
title = {{THE DISTRIBUTION WITH SIZE OF AGGREGATE SNOWFLAKES}},
journal = JM,
volume = {15},
number = {5},
pages = {452-461},
year = {1958},
URL = {http://doi.org/10.1175/1520-0469(1958)015<0452:TDWSOA>2.0.CO;2}
}
@article{Ulbrich1983,
author = { Carlton W.  Ulbrich },
title = {Natural Variations in the Analytical Form of the Raindrop Size Distribution},
journal = JCAM,
volume = {22},
number = {10},
pages = {1764-1775},
year = {1983},
URL = {http://doi.org/10.1175/1520-0450(1983)022<1764:NVITAF>2.0.CO;2}
}
@article{Sekhon1970,
author = { R. S.  Sekhon  and  R. C.  Srivastava },
title = {Snow Size Spectra and Radar Reflectivity},
journal = JAS,
volume = {27},
number = {2},
pages = {299-307},
year = {1970},
URL = {http://doi.org/10.1175/1520-0469(1970)027<0299:SSSARR>2.0.CO;2}
}
@article{Py-ART,
author = { J. J. Helmus  and  S. M. Collis},
title = {The {P}ython {ARM} {R}adar {T}oolkit ({P}y-{ART}), a {L}ibrary for {W}orking with {W}eather {R}adar {D}ata in the {P}ython {P}rogramming {L}anguage},
journal = {JORS},
volume = {4},
number = {1},
pages = {e25},
year = {2016},
URL = {http://doi.org/10.5334/jors.119}
}
@article{Pauly1990,
author = { Patricia M. Pauley  and  Xiaihua  Wu },
title = {The Theoretical, Discrete, and Actual Response of the Barnes Objective Analysis Scheme for One- and Two-Dimensional Fields},
journal = MWR,
volume = {118},
number = {5},
pages = {1145-1164},
year = {1990},
URL = {http://doi.org/10.1175/1520-0493(1990)118<1145:TTDAAR>2.0.CO;2}
}
@inproceedings{Cunningham2013,
author = {J. G. Cunningham and W. D. Zittel and R. R. Lee and R. L. Ice},
title = {Methods for {I}dentifying {S}ystematic {D}ifferential {R}eflectivity {B}iases on the {O}perational {WSR}-88{D} {N}etwork},
address = {Breckinridge, CO},
publisher = {\textit{36th Conf. on Radar Meteorology}},
organization = {Amer. Meteor. Soc.},
series = {9B.5},
year = {2013},
URL = {https://ams.confex.com/ams/36Radar/webprogram/Paper228792.html}
}
@book{Silverman1986,
author = {B. W. Silverman},
title = {Density {E}stimation for {S}tatistics and {D}ata {A}nalysis},
year = {1986},
volume = {26},
pages = {176},
publisher = {Chapman and Hall}
}
@article{Markovsky2007,
author = {I. Markovsky and S. V. Huffel},
title = {Overview of total least-squares methods},
year = {2007},
journal = {Elsevier BV},
URL = {http://doi.org/10.1016/j.sigpro.2007.04.004}
}
@article{Boodoo2015,
author = {Sudesh Boodoo and David Hudak and Alexander Ryzhkov and Pengfei Zhang and Norman Donaldson and David Sills and Janti Reid},
title = {{Q}uantitative {P}recipitation {E}stimation from a {C}-{B}and {D}ual-{P}olarized {R}adar for the 8 {J}uly 2013 {F}lood in {T}oronto, {C}anada},
journal = {Journal of Hydrometeorology},
volume = {16},
number = {5},
pages = {2027-2044},
year = {2015},
URL = {https://doi.org/10.1175/JHM-D-15-0003.1}
}
@article{Ryzhkov1995,
author = { A. V.  Ryzhkov  and  D. S.  Zrnić },
title = {Comparison of Dual-Polarization Radar Estimators of Rain},
journal = {Journal of Atmospheric and Oceanic Technology},
volume = {12},
number = {2},
pages = {249-256},
year = {1995},
URL = {https://doi.org/10.1175/1520-0426(1995)012<0249:CODPRE>2.0.CO;2}
}
@article{Carey2015,
author = {Lawrence D. Carey and Walter A. Petersen},
title = {Sensitivity of C-Band Polarimetric Radar–Based Drop Size Estimates to Maximum Diameter},
journal = {Journal of Applied Meteorology and Climatology},
volume = {54},
number = {6},
pages = {1352-1371},
year = {2015},
URL = {https://doi.org/10.1175/JAMC-D-14-0079.1}
}
@article{Trapp2000,
author = { R. Jeffrey  Trapp  and  Charles A.  Doswell  III },
title = {Radar Data Objective Analysis},
journal = JTECH,
volume = {17},
number = {2},
pages = {105-120},
year = {2000},
URL = {https://doi.org/10.1175/1520-0426(2000)017<0105:RDOA>2.0.CO;2}
}
@inproceedings{Torres2007,
author = {S.M. Torres and C.D. Curtis},
title = {Initial {I}mplementation of {S}uper-{R}esolution {D}ata on the {NEXRAD} {N}etwork},
address = {San Antonio, TX},
publisher = {\textit{23rd Conf. on IIPS}},
organization = {Amer. Meteor. Soc.},
series = {5B.10},
year = {2007},
URL = {https://ams.confex.com/ams/87ANNUAL/techprogram/paper_116240.htm}
}
@book{Rogers1989,
author = {R.R. Rogers and M.K. Yau},
title = {A Short Course in Cloud Physics},
year = {1989},
volume = {113},
pages = {290},
publisher = {Elsevier}
}
@book{Fabry2015,
author = {Frederic Fabry},
title = {Radar Meteorology: Principles and Practice},
year = {2015},
volume = {},
pages = {256},
publisher = {Cambridge University Press}
}
@inproceedings{Zittel2015,
author = {W. D. Zittel and R. R. Lee and L. M. Richardson J. G. Cunningham and J.A. Schultz and R. L. Ice},
title = {{G}eographical and {S}easonal {A}vailability of {L}ight {R}ain, {D}ry {S}now, and {B}ragg {S}catter to {E}stimate {WSR-88D} $Z_{DR}$ {S}ystem {B}ias},
address = {Phoenix, AZ}, 
publisher = {\textit{31st Conf. on EIPT}},
organization = {Amer. Meteor. Soc.},
series = {11.2},
year = {2015},
URL = {https://ams.confex.com/ams/95Annual/webprogram/Paper265374.html}
}
@article{Zrnic2006,
author = {D.S. Zrnic and V. M.  Melnikov  and  J. K.  Carter },
title = {{C}alibrating {D}ifferential {R}eflectivity on the {WSR-88D}},
journal = {Journal of Atmospheric and Oceanic Technology},
volume = {23},
number = {7},
pages = {944-951},
year = {2006},
doi = {10.1175/JTECH1893.1},

URL = { 
        https://doi.org/10.1175/JTECH1893.1
}
}
@inproceedings{Hubbert2006, 
author={J. Hubbert and F. Pratte}, 
booktitle={2006 IEEE International Symposium on Geoscience and Remote Sensing}, 
title={{D}ifferential {R}eflectivity {C}alibration for {N}EXRAD}, 
year={2006}, 
pages={519-522}, 
URL={https://doi.org/10.1109/IGARSS.2006.138}, 
ISSN={2153-6996}
}
@inproceedings{Abon2014,
author = {Abon, Catherine and Crisologo, Irene and Kneis, David and Bronstert, Axel and Heistermann, Maik},
year = {2014},
month = {09},
pages = {},
title = {Comparison between C-band and S-band radar rainfall for hydrological simulations in Marikina River Basin, Philippines}
}
@article{Mulholland2017,
author = {Jake P. Mulholland and Jeffrey Frame and Stephen W. Nesbitt and Scott M. Steiger and Karen A. Kosiba and Joshua Wurman},
title = {Observations of Misovortices within a Long-Lake-Axis-Parallel Lake-Effect Snowband during the OWLeS Project},
journal = {Monthly Weather Review},
volume = {145},
number = {8},
pages = {3265-3291},
year = {2017},
doi = {10.1175/MWR-D-16-0430.1},

URL = { 
        https://doi.org/10.1175/MWR-D-16-0430.1
    
}}
@article{Zhang2016,
author = {Jian Zhang and Kenneth Howard and Carrie Langston and Brian Kaney and Youcun Qi and Lin Tang and Heather Grams and Yadong Wang and Stephen Cocks and Steven Martinaitis and Ami Arthur and Karen Cooper and Jeff Brogden and David Kitzmiller},
title = {Multi-Radar Multi-Sensor (MRMS) Quantitative Precipitation Estimation: Initial Operating Capabilities},
journal = {Bulletin of the American Meteorological Society},
volume = {97},
number = {4},
pages = {621-638},
year = {2016},
doi = {10.1175/BAMS-D-14-00174.1},

URL = { 
        https://doi.org/10.1175/BAMS-D-14-00174.1
    
}}